<?xml version="1.0" encoding="UTF-8"?><collection xmlns="http://www.loc.gov/MARC21/slim"><record><leader>00428nam--2200157-i-4500</leader><controlfield tag="001">000008950</controlfield><controlfield tag="002">20161230</controlfield><controlfield tag="005">20161230201028</controlfield><controlfield tag="008">060222s1000------------r-----000-0-eng-d</controlfield><datafield ind1=" " ind2=" " tag="080"><subfield code="a">517.1:518</subfield></datafield><datafield ind1=" " ind2=" " tag="100"><subfield code="a">Chinal, J</subfield></datafield><datafield ind1=" " ind2=" " tag="245"><subfield code="a">Techniques booleennes et calculateurs aritmeti ques</subfield></datafield><datafield ind1=" " ind2=" " tag="260"><subfield code="a">Paris, Dunod, 1967. Xviii + 508 P</subfield></datafield><datafield ind1=" " ind2=" " tag="490"><subfield code="a">Techniques De L Automatisme</subfield></datafield><datafield ind1=" " ind2=" " tag="852"><subfield code="a">31512</subfield><subfield code="c">512</subfield></datafield><datafield ind1=" " ind2=" " tag="CAT"><subfield code="a">Sys</subfield><subfield code="c">20080508</subfield><subfield code="h">141338</subfield></datafield></record></collection>